 <marc:record>
        <marc:leader>05651cam a2200817 a 4500</marc:leader>
        <marc:controlfield tag="001">379665</marc:controlfield>
        <marc:controlfield tag="005">20130404152619.0</marc:controlfield>
        <marc:controlfield tag="008">860428s1779    ie            00000 eng d</marc:controlfield>
        <marc:datafield ind1=" " ind2=" " tag="035">
            <marc:subfield code="a">(END)PR3991_A1_H47_1779</marc:subfield></marc:datafield>
        <marc:datafield ind1=" " ind2=" " tag="035">
            <marc:subfield code="a">(MediadbVoyBIBID)379665</marc:subfield>
        </marc:datafield>
        <marc:datafield ind1=" " ind2=" " tag="035">
            <marc:subfield code="a">(CStRLIN)PAUG86-B16134</marc:subfield>
        </marc:datafield>
        <marc:datafield ind1=" " ind2=" " tag="035">
            <marc:subfield code="a">(CaOTULAS)146819210</marc:subfield>
        </marc:datafield>
        <marc:datafield ind1=" " ind2=" " tag="035">
            <marc:subfield code="9">AAW5999</marc:subfield>
        </marc:datafield>
        <marc:datafield ind1=" " ind2=" " tag="035">
            <marc:subfield code="a">149179</marc:subfield>
        </marc:datafield>
        <marc:datafield ind1=" " ind2=" " tag="040">
            <marc:subfield code="a">PU</marc:subfield>
            <marc:subfield code="c">PU</marc:subfield>
        </marc:datafield>
        <marc:datafield ind1=" " ind2=" " tag="090">
            <marc:subfield code="a">PR3991.A1</marc:subfield>
            <marc:subfield code="b">H47 1779</marc:subfield>
            <marc:subfield code="i">04/28/86 CT</marc:subfield>
        </marc:datafield>
        <marc:datafield ind1="0" ind2="4" tag="245">
            <marc:subfield code="a">The Hermit of the rock, or, The history of the Marchioness de Lausanne, and the Comte de Luzy /</marc:subfield>
            <marc:subfield code="c">translated from a French manuscript : in three volumes.</marc:subfield>
        </marc:datafield>
        <marc:datafield ind1=" " ind2=" " tag="246">
            <marc:subfield code="a">The hermit of the rock. Vol. I.</marc:subfield>
            <marc:subfield code="d">Letter-press</marc:subfield>
            <marc:subfield code="g">Half</marc:subfield>
            <marc:subfield code="x">Volume</marc:subfield>
            <marc:subfield code="v">v.1</marc:subfield>
        </marc:datafield>
        <marc:datafield ind1=" " ind2=" " tag="246">
            <marc:subfield code="a">The hermit of the rock: or the history of marchioness de Lausanne, and the Comte de Luzy. Translated from a French manuscript. In three volumes. Vol. I.</marc:subfield>
            <marc:subfield code="d">Letter-press</marc:subfield>
            <marc:subfield code="g">Full</marc:subfield>
            <marc:subfield code="x">Volume</marc:subfield>
            <marc:subfield code="v">v.1</marc:subfield>
        </marc:datafield>
        <marc:datafield ind1=" " ind2=" " tag="246">
            <marc:subfield code="a">The hermit of the rock: or the history of marchioness de Lausanne, and the Comte de Luzy. Translated from a French manuscript. In three volumes. Vol. II.</marc:subfield>
            <marc:subfield code="d">Letter-press</marc:subfield>
            <marc:subfield code="g">Full</marc:subfield>
            <marc:subfield code="x">Volume</marc:subfield>
            <marc:subfield code="v">v.2</marc:subfield>
        </marc:datafield>
        <marc:datafield ind1=" " ind2=" " tag="246">
            <marc:subfield code="a">The hermit of the rock: or the history of marchioness de Lausanne, and the Comte de Luzy. Translated from a French manuscript. In three volumes. Vol. III.</marc:subfield>
            <marc:subfield code="d">Letter-press</marc:subfield>
            <marc:subfield code="g">Full</marc:subfield>
            <marc:subfield code="x">Volume</marc:subfield>
            <marc:subfield code="v">v.3</marc:subfield>
        </marc:datafield>
        <marc:datafield ind1="0" ind2="7" tag="246">
            <marc:subfield code="a">The hermit of the rock.</marc:subfield>
            <marc:subfield code="v">v.1</marc:subfield>
            <marc:subfield code="v">v.2</marc:subfield>
            <marc:subfield code="v">v.3</marc:subfield>
        </marc:datafield>
        <marc:datafield ind1="0" ind2="7" tag="246">
            <marc:subfield code="a">The hermit (verso)</marc:subfield>
            <marc:subfield code="a">of the rock. (recto)</marc:subfield>
            <marc:subfield code="v">v.1</marc:subfield>
            <marc:subfield code="v">v.2</marc:subfield>
            <marc:subfield code="v">v.3</marc:subfield>
        </marc:datafield>
        <marc:datafield ind1="0" ind2=" " tag="260">
            <marc:subfield code="a">Dublin :</marc:subfield>
            <marc:subfield code="b">Printed for Messrs. Price [and 14 others],</marc:subfield>
            <marc:subfield code="c">1779.</marc:subfield>
        </marc:datafield>
        <marc:datafield ind1=" " ind2=" " tag="260">
            <marc:subfield code="a">Dublin</marc:subfield>
            <marc:subfield code="b">Printed for Messrs. Price, R. Cross, Williams, Walker, E. Cross, Jenkin, Moncrieffe, Burnett, Gilbert, Higley, Exshaw, Beatty, Burton, B. Watson. and J. Parker.</marc:subfield>
            <marc:subfield code="c">1779.</marc:subfield>
            <marc:subfield code="v">v.1</marc:subfield>
            <marc:subfield code="v">v.2</marc:subfield>
            <marc:subfield code="v">v.3</marc:subfield>
        </marc:datafield>
        <marc:datafield ind1=" " ind2=" " tag="300">
            <marc:subfield code="a">3 v. ;</marc:subfield>
            <marc:subfield code="c">17 cm. (12mo)</marc:subfield>
            <marc:subfield code="x">Duodecimo</marc:subfield>
            <marc:subfield code="z">In three volumes.</marc:subfield>
            <marc:subfield code="a">[3 v.]</marc:subfield>
        </marc:datafield>
        <marc:datafield ind1=" " ind2=" " tag="500">
            <marc:subfield code="a">An epistolary novel.</marc:subfield>
        </marc:datafield>
        <marc:datafield ind1=" " ind2=" " tag="500">
            <marc:subfield code="a">Pagination is continuous.</marc:subfield>
        </marc:datafield>
        <marc:datafield ind1="4" ind2=" " tag="510">
            <marc:subfield code="a">ESTC (RLIN)</marc:subfield>
            <marc:subfield code="c">N6773</marc:subfield>
        </marc:datafield>
        <marc:datafield ind1=" " ind2=" " tag="520">
            <marc:subfield code="a">Dedication</marc:subfield>
            <marc:subfield code="b">To the honourable Lady Priscilla Bertie.</marc:subfield>
            <marc:subfield code="c">Front</marc:subfield>
            <marc:subfield code="v">v.1</marc:subfield>
            <marc:subfield code="x">Signed: &quot;&quot;Your Ladyship\'s most obedient, and very sincere admirer the translator.&quot;&quot;</marc:subfield>
            <marc:subfield code="x">The translator claims that she is dedicating this book to Lady Priscilla Bertie, not just because she knows that attaching her name to it will mean that it will be favorably recieved, but also because she genuinely admires her.</marc:subfield>
            <marc:subfield code="x">Claims that the book was written by a friend at a convent in France, where the translator recieved her education. Writes: &quot;&quot;When it was finished, she presented it to me -- and I find myself now, by the most unfortunate of events, at liberty to publish it without giving offence to the amiable and beloved writer of it.&quot;</marc:subfield>
        </marc:datafield>
        <marc:datafield ind1=" " ind2=" " tag="592">
            <marc:subfield code="a">Epistolary</marc:subfield>
            <marc:subfield code="c">Poems</marc:subfield>
        </marc:datafield>
        <marc:datafield ind1=" " ind2=" " tag="596">
            <marc:subfield code="a">Translation</marc:subfield>
            <marc:subfield code="b">Dedication</marc:subfield>
            <marc:subfield code="c">French</marc:subfield>
            <marc:subfield code="e">In a convent in Paris where I was educated -- a friend of mine determined to try her hand in this species of writing -- never intending that it should be made public. -- When it was finished, she presented it to me -- and I find myself now, by the most unfortunate of events, at libery to publish it without giving offence to the amiable and beloved writer of it.</marc:subfield>
            <marc:subfield code="x">The translator continues: &quot;&quot;In the course of the history, a few quotations were introduced by its writer from some French poets; but as they must have lost much of their beauty by a translation, I thought it best to substitute in their room such as were equally applicable from English poets: a choice, I hope, your Ladyship\'s judgement will not condemn.&quot;</marc:subfield>
        </marc:datafield>
        <marc:datafield ind1=" " ind2=" " tag="599">
            <marc:subfield code="a">Translator (text)</marc:subfield>
            <marc:subfield code="b">Generic/descriptive</marc:subfield>
            <marc:subfield code="2">Your ladyship\'s most obedient, and very sincere admirer the translator.</marc:subfield>
            <marc:subfield code="3">Dedication</marc:subfield>
            <marc:subfield code="5">Indeterminate</marc:subfield>
            <marc:subfield code="6">Unknown</marc:subfield>
        </marc:datafield>
        <marc:datafield ind1=" " ind2="7" tag="655">
            <marc:subfield code="a">Epistolary fiction</marc:subfield>
            <marc:subfield code="z">England</marc:subfield>
            <marc:subfield code="y">18th century.</marc:subfield>
            <marc:subfield code="2">rbgenr</marc:subfield>
        </marc:datafield>
        <marc:datafield ind1=" " ind2="4" tag="650">
            <marc:subfield code="a">CHR 1779</marc:subfield>
        </marc:datafield>
        <marc:datafield ind1=" " ind2="4" tag="650">
            <marc:subfield code="a">PRO Singer, Jacob (donor)</marc:subfield>
        </marc:datafield>
        <marc:datafield ind1=" " ind2="4" tag="650">
            <marc:subfield code="a">PRO Singer, Leah (donor)</marc:subfield>
        </marc:datafield>
        <marc:datafield ind1=" " ind2="4" tag="650">
            <marc:subfield code="a">PRO Singer, Godfrey F. (honoree)</marc:subfield>
        </marc:datafield>
        <marc:datafield ind1=" " ind2=" " tag="700">
            <marc:subfield code="a">Price</marc:subfield>
            <marc:subfield code="4">Published by</marc:subfield>
            <marc:subfield code="5">Authorized</marc:subfield>
        </marc:datafield>
        <marc:datafield ind1=" " ind2=" " tag="700">
            <marc:subfield code="a">R. Cross</marc:subfield>
            <marc:subfield code="4">Published by</marc:subfield>
            <marc:subfield code="5">Unauthorized</marc:subfield>
        </marc:datafield>
        <marc:datafield ind1=" " ind2=" " tag="700">
            <marc:subfield code="a">Williams</marc:subfield>
            <marc:subfield code="4">Published by</marc:subfield>
            <marc:subfield code="5">Unauthorized</marc:subfield>
        </marc:datafield>
        <marc:datafield ind1=" " ind2=" " tag="700">
            <marc:subfield code="a">Walker</marc:subfield>
            <marc:subfield code="4">Published by</marc:subfield>
            <marc:subfield code="5">Unauthorized</marc:subfield>
        </marc:datafield>
        <marc:datafield ind1=" " ind2=" " tag="700">
            <marc:subfield code="a">E. Cross</marc:subfield>
            <marc:subfield code="4">Published by</marc:subfield>
            <marc:subfield code="5">Unauthorized</marc:subfield>
        </marc:datafield>
        <marc:datafield ind1=" " ind2=" " tag="700">
            <marc:subfield code="a">Jenkin</marc:subfield>
            <marc:subfield code="4">Published by</marc:subfield>
            <marc:subfield code="5">Unauthorized</marc:subfield>
        </marc:datafield>
        <marc:datafield ind1=" " ind2=" " tag="700">
            <marc:subfield code="a">Montcrieffe</marc:subfield>
            <marc:subfield code="4">Published by</marc:subfield>
            <marc:subfield code="5">Authorized</marc:subfield>
        </marc:datafield>
        <marc:datafield ind1=" " ind2=" " tag="700">
            <marc:subfield code="a">Burnett</marc:subfield>
            <marc:subfield code="4">Published by</marc:subfield>
            <marc:subfield code="5">Unauthorized</marc:subfield>
        </marc:datafield>
        <marc:datafield ind1=" " ind2=" " tag="700">
            <marc:subfield code="a">Gilbert</marc:subfield>
            <marc:subfield code="4">Published by</marc:subfield>
            <marc:subfield code="5">Unauthorized</marc:subfield>
        </marc:datafield>
        <marc:datafield ind1=" " ind2=" " tag="700">
            <marc:subfield code="a">Higley</marc:subfield>
            <marc:subfield code="4">Published by</marc:subfield>
            <marc:subfield code="5">Unuathorized</marc:subfield>
        </marc:datafield>
        <marc:datafield ind1=" " ind2=" " tag="700">
            <marc:subfield code="a">Exshaw</marc:subfield>
            <marc:subfield code="4">Published by</marc:subfield>
            <marc:subfield code="5">Unauthorized</marc:subfield>
        </marc:datafield>
        <marc:datafield ind1=" " ind2=" " tag="700">
            <marc:subfield code="a">Beatty</marc:subfield>
            <marc:subfield code="4">Published by</marc:subfield>
            <marc:subfield code="5">Unauthorized</marc:subfield>
        </marc:datafield>
        <marc:datafield ind1=" " ind2=" " tag="700">
            <marc:subfield code="a">Lady Priscilla Bertie</marc:subfield>
            <marc:subfield code="4">Dedicatee</marc:subfield>
            <marc:subfield code="5">Unauthorized</marc:subfield>
        </marc:datafield>
        <marc:datafield ind1=" " ind2=" " tag="710">
            <marc:subfield code="a">Price</marc:subfield>
            <marc:subfield code="4">Published by</marc:subfield>
            <marc:subfield code="5">Unauthorized</marc:subfield>
        </marc:datafield>
        <marc:datafield ind1=" " ind2=" " tag="710">
            <marc:subfield code="a">R. Cross</marc:subfield>
            <marc:subfield code="4">Published by</marc:subfield>
            <marc:subfield code="5">Unauthorized</marc:subfield>
        </marc:datafield>
        <marc:datafield ind1=" " ind2=" " tag="710">
            <marc:subfield code="a">Williams</marc:subfield>
            <marc:subfield code="4">Published by</marc:subfield>
            <marc:subfield code="5">Unauthorized</marc:subfield>
        </marc:datafield>
        <marc:datafield ind1=" " ind2=" " tag="710">
            <marc:subfield code="a">Walker</marc:subfield>
            <marc:subfield code="4">Published by</marc:subfield>
            <marc:subfield code="5">Unauthorized</marc:subfield>
        </marc:datafield>
        <marc:datafield ind1=" " ind2=" " tag="710">
            <marc:subfield code="a">E. Cross</marc:subfield>
            <marc:subfield code="4">Published by</marc:subfield>
            <marc:subfield code="5">Unauthorized</marc:subfield>
        </marc:datafield>
        <marc:datafield ind1=" " ind2=" " tag="710">
            <marc:subfield code="a">Jenkin</marc:subfield>
            <marc:subfield code="4">Published by</marc:subfield>
            <marc:subfield code="5">Unauthorized</marc:subfield>
        </marc:datafield>
        <marc:datafield ind1=" " ind2=" " tag="710">
            <marc:subfield code="a">Montcrieffe</marc:subfield>
            <marc:subfield code="4">Published by</marc:subfield>
            <marc:subfield code="5">Unauthorized</marc:subfield>
        </marc:datafield>
        <marc:datafield ind1=" " ind2=" " tag="710">
            <marc:subfield code="a">Burnett</marc:subfield>
            <marc:subfield code="4">Published by</marc:subfield>
            <marc:subfield code="5">Unauthorized</marc:subfield>
        </marc:datafield>
        <marc:datafield ind1=" " ind2=" " tag="710">
            <marc:subfield code="a">Gilbert</marc:subfield>
            <marc:subfield code="4">Published by</marc:subfield>
            <marc:subfield code="5">Unauthorized</marc:subfield>
        </marc:datafield>
        <marc:datafield ind1=" " ind2=" " tag="710">
            <marc:subfield code="a">Higley</marc:subfield>
            <marc:subfield code="4">Published by</marc:subfield>
            <marc:subfield code="5">Unuathorized</marc:subfield>
        </marc:datafield>
        <marc:datafield ind1=" " ind2=" " tag="710">
            <marc:subfield code="a">Exshaw</marc:subfield>
            <marc:subfield code="4">Published by</marc:subfield>
            <marc:subfield code="5">Unauthorized</marc:subfield>
        </marc:datafield>
        <marc:datafield ind1=" " ind2=" " tag="710">
            <marc:subfield code="a">Beatty</marc:subfield>
            <marc:subfield code="4">Published by</marc:subfield>
            <marc:subfield code="5">Unauthorized</marc:subfield>
        </marc:datafield>
        <marc:datafield ind1="2" ind2=" " tag="710">
            <marc:subfield code="a">Early Novels</marc:subfield>
            <marc:subfield code="5">University of Pennsylvania</marc:subfield>
        </marc:datafield>
        <marc:datafield ind1="2" ind2=" " tag="710">
            <marc:subfield code="a">Collection of British and American Fiction, 1660-1830 (University of Pennsylvania)</marc:subfield>
        </marc:datafield>
        <marc:datafield ind1="0" ind2="2" tag="740">
            <marc:subfield code="a">History of the Marchioness de Lausanne, and the Comte de Luzy.</marc:subfield>
        </marc:datafield>
        <marc:datafield ind1=" " ind2=" " tag="752">
            <marc:subfield code="a">Ireland</marc:subfield>
            <marc:subfield code="d">Dublin.</marc:subfield>
        </marc:datafield>
        <marc:datafield ind1=" " ind2=" " tag="950">
            <marc:subfield code="l">RBC</marc:subfield>
            <marc:subfield code="e">\\\\Singer-\\Menden-\\hall\\</marc:subfield>
            <marc:subfield code="v">3 v.</marc:subfield>
            <marc:subfield code="i">04/28/86 C</marc:subfield>
        </marc:datafield>
        <marc:datafield ind1=" " ind2=" " tag="955">
            <marc:subfield code="l">RBC</marc:subfield>
            <marc:subfield code="c">1</marc:subfield>
            <marc:subfield code="q">725911</marc:subfield>
            <marc:subfield code="s">g. Mr. and Mrs. Jacob Singer</marc:subfield>
            <marc:subfield code="s">in 1</marc:subfield>
            <marc:subfield code="i">04/28/86 C</marc:subfield>
        </marc:datafield>
        <marc:datafield ind1=" " ind2=" " tag="989">
            <marc:subfield code="2">Hermit</marc:subfield>
            <marc:subfield code="2">Rock</marc:subfield>
            <marc:subfield code="2">History</marc:subfield>
            <marc:subfield code="5">Marchioness de Lausanne</marc:subfield>
            <marc:subfield code="5">Comte de Luzy</marc:subfield>
            <marc:subfield code="6">Translate</marc:subfield>
            <marc:subfield code="3">French</marc:subfield>
            <marc:subfield code="2">Manuscript</marc:subfield>
            <marc:subfield code="3">Three</marc:subfield>
            <marc:subfield code="2">Volume</marc:subfield>
        </marc:datafield>
        <marc:datafield ind1=" " ind2=" " tag="989">
            <marc:subfield code="a">MFC</marc:subfield>
            <marc:subfield code="b">7/16/2012</marc:subfield>
            <marc:subfield code="c">Bryn Mawr College</marc:subfield>
        </marc:datafield>
    </marc:record>